@article{neal1996sampling,
  title={Sampling from multimodal distributions using tempered transitions},
  author={Neal, Radford M.},
  journal={Statistics and Computing},
  volume={6},
  number={4},
  pages={353--366},
  year={1996},
  publisher={Springer}
}

@article{geyer1995annealing,
  title={Annealing Markov chain Monte Carlo with applications to ancestral inference},
  author={Geyer, Charles J and Thompson, Elizabeth A},
  journal={Journal of the American Statistical Association},
  volume={90},
  number={431},
  pages={909--920},
  year={1995},
  publisher={Taylor \& Francis}
}
